<?xml version="1.0" encoding="UTF-8"?><collection xmlns="http://www.loc.gov/MARC21/slim"><record><leader>00445nam--2200145-i-4500</leader><controlfield tag="001">000017372</controlfield><controlfield tag="002">20161230</controlfield><controlfield tag="005">20161230201032</controlfield><controlfield tag="008">060222s1000------------r-----000-0-eng-d</controlfield><datafield ind1=" " ind2=" " tag="080"><subfield code="a">51(043)</subfield></datafield><datafield ind1=" " ind2=" " tag="100"><subfield code="a">Lugojan, Sorin</subfield></datafield><datafield ind1=" " ind2=" " tag="245"><subfield code="a">Unele structuri algebrice, topologice, diferentiale utilizate in modelarea discreta a unor fenomene fizice. teza</subfield></datafield><datafield ind1=" " ind2=" " tag="260"><subfield code="a">Timisoara, Universitatea De Vest, 1998. 118 P</subfield></datafield><datafield ind1=" " ind2=" " tag="653"><subfield code="a">Mathematics</subfield></datafield><datafield ind1=" " ind2=" " tag="852"><subfield code="a">80897</subfield></datafield></record></collection>